% This file was created with JabRef 2.8.1.
% Encoding: Cp1252

@article{TopoClusters,
  author = "{ATLAS Collaboration}",
  title = "{Topological cell clustering in the ATLAS calorimeters and its performance in LHC Run 1}",
  eprint = "1603.02934",
  archivePrefix = "arXiv",
  primaryClass   = "hep-ex",
  year = "2016"
}
@Article{GEANT4,
     author    = "Agostinelli, S. and others",
 collaboration = "GEANT4",
     title     = "{GEANT4: A simulation toolkit}",
     journal   = "Nucl. Instrum. Meth. A",
     volume    = "506",
     year      = "2003",
     pages     = "250-303",
     doi       = "10.1016/S0168-9002(03)01368-8",
     SLACcitation  = "%%CITATION = NUIMA,A506,250;%%"
}
