@Article{PYTHIA8,
    author    = "T. Sj{\"{o}}strand and S. Mrenna and P. Skands",
    title     = "{A Brief Introduction to PYTHIA 8.1}",
    journal   = "Comput. Phys. Commun.",
    volume    = "178",
    year      = "2008",
    pages     = "852-867",
    eprint    = "0710.3820",
    archivePrefix  = "arXiv",
    doi       = "10.1016/j.cpc.2008.01.036"
}
@article{MSTW,
  author = "A.D. Martin and W.J. Stirling and R.S. Thorne and G. Watt",
  title = "{Parton distributions for the LHC}",
  journal = "Eur. Phys. J. C",
  volume = "63",
  pages = "189-285",
  year = 2009,
  eprint = "0901.0002",
  archivePrefix  = "arXiv",
  doi = "10.1140/epjc/s10052-009-1072-5",
  note = "Figures from the \href{http://projects.hepforge.org/mstwpdf/}{MSTW Website}"
}
@article{MSTW2,
  author = "A. Sherstnev and R.S. Thorne",
  title = "{Parton Distributions for LO Generators}",
  journal = "Eur. Phys. J. C",
  volume = "55",
  pages = "553-575",
  year = 2008,
  eprint = "0711.2473",
  archivePrefix  = "arXiv",
  doi = "10.1140/epjc/s10052-008-0610-x"
}
@article{CTEQ6L1,
  title = "{Implications of CTEQ global analysis for collider observables}",
  author = {Nadolsky, Pavel M. and others},
  journal = {PRD}, 
  volume = {78},
  pages = {013004},
  year = {2008},
  doi = {10.1103/PhysRevD.78.013004},
  eprint="0802.0007",
  archivePrefix="arXiv",
}
@article{PHOTOS,
      author         = "Golonka, Piotr and Was, Zbigniew",
      title          = "{PHOTOS Monte Carlo: A Precision tool for QED corrections
                        in $Z$ and $W$ decays}",
      journal        = "Eur. Phys. J. C",
      volume         = "45",
      pages          = "97-107",
      doi            = "10.1140/epjc/s2005-02396-4",
      year           = "2006",
      eprint         = "hep-ph/0506026",
      archivePrefix  = "arXiv",
      reportNumber   = "IFJPAN-V-05-01, CERN-PH-TH-2005-091",
      SLACcitation   = "%%CITATION = HEP-PH/0506026;%%",
}
@ARTICLE{Pythia8Taus,
      author         = "Ilten, Philip",
      title          = "{Tau Decays in Pythia 8}",
      journal        = "Nucl. Phys. B",
      volume         = "253",
      pages          = "255",
      doi            = "10.1016/j.nuclphysbps.2014.09.019",
      year           = "2014",
      eprint         = "1211.6730",
      archivePrefix  = "arXiv",
      SLACcitation   = "%%CITATION = ARXIV:1211.6730;%%",
}
@Article{GEANT4,
     author    = "Agostinelli, S. and others",
 collaboration = "GEANT4",
     title     = "{GEANT4: A simulation toolkit}",
     journal   = "Nucl. Instrum. Meth. A",
     volume    = "506",
     year      = "2003",
     pages     = "250-303",
     doi       = "10.1016/S0168-9002(03)01368-8",
     SLACcitation  = "%%CITATION = NUIMA,A506,250;%%"
}
@article{TopoClusters,
  author = "{ATLAS Collaboration}",
  title = "{Topological cell clustering in the ATLAS calorimeters and its performance in LHC Run 1}",
  eprint = "1603.02934",
  archivePrefix = "arXiv",
  primaryClass   = "hep-ex",
  year = "2016"
}
@Article{particlebeam,
year={2009},
journal={Eur. Phys. J. C},
volume={60},
number={3},
doi={10.1140/epjc/s10052-009-0959-5},
title="{The CMS barrel calorimeter response to particle beams from 2 to 350 GeV/c}",
author="{CMS Collaboration}"
}
@article{physicsg,
  author="{J. Beringer et al. (Particle Data Group)}",
  title="{Review of Particle Physics}",
  journal={Chin. Phys. C},
  volume={38},
  pages={090001},
  url={http://pdg.lbl.gov},
  year={2014}
}
@Booklet{G4hadronics,
  author = "A. Ribon and others",
  title = "Status of Geant4 hadronic physics for the simulation of LHC experiments at the start of LHC physics program",
  howpublished = "{CERN-LCGAPP-2010-02}",
  url = "http://lcgapp.cern.ch/project/docs/noteStatusHadronic2010.pdf",
  year = 2010
}
@article{Cacciari:2008gp,
      author         = "Cacciari, Matteo and Salam, Gavin P. and Soyez, Gregory",
      title          = "{The Anti-k(t) jet clustering algorithm}",
      journal        = "JHEP",
      volume         = "0804",
      pages          = "063",
      doi            = "10.1088/1126-6708/2008/04/063",
      year           = "2008",
      eprint         = "0802.1189",
      archivePrefix  = "arXiv",
      reportNumber   = "LPTHE-07-03",
      SLACcitation   = "%%CITATION = ARXIV:0802.1189;%%",
      primaryClass   = "hep-ph",
}
@article{CTEQ,
      author         = "Lai, Hung-Liang and Guzzi, Marco and Huston, Joey and Li,
                        Zhao and Nadolsky, Pavel M. and others",
      title          = "{New parton distributions for collider physics}",
      journal        = "Phys. Rev. D",
      volume         = "82",
      pages          = "074024",
      doi            = "10.1103/PhysRevD.82.074024",
      year           = "2010",
      eprint         = "1007.2241",
      archivePrefix  = "arXiv",
      reportNumber   = "MSUHEP-100707, SMU-HEP-10-10",
      SLACcitation   = "%%CITATION = ARXIV:1007.2241;%%",
      primaryClass   = "hep-ph",
}
@Booklet{AU2,
    author         = "{ATLAS Collaboration}",
    title          = "{Summary of ATLAS Pythia 8 tunes}",
    howpublished   = "{ATL-PHYS-PUB-2012-003}",
    url            = "http://cds.cern.ch/record/1474107",
    year           = "2012",
}
@article{CTB,
  title = "Study of energy response and resolution of the {ATLAS} barrel calorimeter to hadrons of energies from 20 to 350 GeV",
  journal = "Nucl. Instrum. Meth. A",
  volume = "621",
  number = "1-3",
  pages = "134 - 150",
  year = "2010",
  doi = "http://dx.doi.org/10.1016/j.nima.2010.04.054",
  author = "E. Abat and others",
}
@article{TileTB,
  title = "Measurement of Pion and Proton Response and Longitudinal Shower Profiles up to 20 Nuclear Interaction Lengths with the ATLAS Tile Calorimeter", 
  journal = "Nucl. Instrum. Meth. A",
  volume = "615",
  year = 2010,
  pages = "158-181",
  doi    = "10.1016/j.nima.2010.01.037",
  author = "P. Adragna and others"
}
@article{D0Ztautau,
  title = "Measurement of $\sigma(p\bar{p}\rightarrow Z + X) \cdot$ Br$(Z \rightarrow \tau^+\tau^-)$ at $\sqrt{s}=1.96$ TeV",
  author = "V.M. Abazov and others",
  journal = "Phys. Lett. B",
  volume = "670",
  pages = "292",
  year = "2009"
}
@article{tau_substruct_paper,
  author = "{ATLAS Collaboration}",
  title = "{Reconstruction of hadronic decay products of tau leptons with the ATLAS experiment}",
  journal = "Eur. Phys. J. C",
  volume = "76",
  pages = "1-26",
  year = "2016",
  eprint = "1512.05955",
  archivePrefix  = "arXiv",
  doi = "10.1140/epjc/s10052-016-4110-0"
}
@phdthesis{Speckmayer,
      author        = "Speckmayer, Peter",
      title         = "{Energy Measurement of Hadrons with the CERN ATLAS Calorimeter}",
      school        = "Vienna, Tech. U.",
      address       = "Vienna",
      year          = "2008",
      reportNumber  = "CERN-THESIS-2008-051",
      url           = "http://cds.cern.ch/record/1112036",
      note          = "Presented on 18 Jun 2008",
}

@article{QGS15,
  title = "String parton models in Geant4",
  author = "G. Folger and J.P. Wellisch",
  booktitle = "Computing in High Energy and Nuclear Physics 2003",
  address = "La Jolla, California",
  eprint         = "nucl-th/0306007",
  archivePrefix  = "arXiv",
  year = 2003
}
@article{QGS16,
  author = "N. S. Amelin and others",
  title = "Transverse flow and collectivity in ultrarelativistic heavy-ion collisions",
  journal = "Phys. Rev. Lett.",
  volume = "67",
  year = "1991",
  pages = "1523",
  doi = "10.1103/PhysRevLett.67.1523"
}
@article{QGS17,
  author = "N. S. Amelin and others",
  title = "Collectivity in ultrarelativistic heavy ion collisions",
  journal = "Nucl. Phys. A",
  volume = "544",
  year = 1992,
  pages = 463,
  doi = "10.1016/0375-9474(92)90598-E"
}
@article{QGS18,
  author = "L. V. Bravina and others",
  title = "Fluid dynamics and Quark Gluon string model - What we can expect for Au+Au collisions at 11.6 AGeV/c",
  journal = "Nucl. Phys. A",
  volume = 566,
  year = 1994,
  pages = 461,
  doi = "10.1016/0375-9474(94)90669-6"
}
@article{QGS19,
  author = "L. V. Bravin and others",
  title = "Scaling violation of transverse flow in heavy ion collisions at AGS energies",
  journal = "Phys. Lett. B",
  volume = 344,
  year = 1995,
  pages = 49,
  doi = "10.1016/0370-2693(94)01560-Y"
}
@Booklet{GHEISHA20,
  author = "H. S. Fesefeldt",
  title = "GHEISHA program",
  howpublished = "Pitha-85-02, Aachen",
  year = 1985
}

@article{BERT21,
  author = "M. P. Guthrie and R. G. Alsmiller and H. W. Bertini",
  title = "Calculation of the capture of negative pions in light elements and comparison with experiments pertaining to cancer radiotherapy",
  journal = "Nucl. Instrum. Meth.",
  volume = 66,
  year = 1968,
  pages = "29-36",
  doi = "10.1016/0029-554X(68)90054-2"
}
@article{BERT22,
  author = "H. W. Bertini and P. Guthrie",
  title = "News item results from medium-energy intranuclear-cascade calculation",
  journal = "Nucl. Instr. and Meth. A",
  volume = 169,
  year = 1971,
  pages = 670,
  doi = "10.1016/0375-9474(71)90710-X"
}
@article{BERT23,
  author = "V.A. Karmanov",
  title = "Light Front Wave Function of Relativistic Composite System in Explicitly Solvable Model",
  journal = "Nucl. Phys. B",
  volume = 166,
  year = 1980,
  pages = 378,
  doi = "10.1016/0550-3213(80)90204-7"
}
@article{FTF24,
  author = "B. Andersson and others",
  title = "A model for low-pT hadronic reactions with generalizations to hadron-nucleus and nucleus-nucleus collisions",
  journal = "Nucl. Phys. B",
  volume = 281,
  year = 1987,
  pages = 289,
  doi = "10.1016/0550-3213(87)90257-4"
}
@article{FTF25,
  author = "B. Andersson and A. Tai and B.-H. Sa",
  title = "Final state interactions in the (nuclear) FRITIOF string interaction scenario",
  journal = "Z. Phys. C",
  volume = 70,
  year = 1996,
  pages = "499-506",
  doi = "10.1007/s002880050127"
}
@article{FTF26,
  author = "B. Nilsson-Almqvist and E. Stenlund",
  title = "Interactions Between Hadrons and Nuclei: The Lund Monte Carlo, Fritiof Version 1.6",
  journal = "Comput. Phys. Commun.",
  volume = 43,
  year = 1987,
  pages = 387,
  doi = "10.1016/0010-4655(87)90056-7"
}
@article{FTF27,
  author = "B. Ganhuyag and V. Uzhinsky",
  title = "Modified FRITIOF code: Negative charged particle production in high energy nucleus nucleus interactions",
  journal = "Czech. J. Phys.",
  volume = 47,
  year = 1997,
  pages = "913-918",
  doi = "10.1023/A:1021296114786"
}
@techreport{Bechtle:2007886,
     author        = "Bechtle, Philip and Beckmann, Robert and Croft, Vincent
                      and Davey, Will and Desch, Klaus Kurt and Dingfelder,
                      Jochen and Galea, Cristina and Hodgkinson, Mark and Janus,
                      Michel and Limbach, Christian and Malecki, Pawel and
                      Wagner, Peter and Winter, Benedict Tobias and Yuen,
                      Stephanie Pui Yan and Zinonos, Zinonas",
     title         = "{Reconstruction of hadronic decay products of tau leptons
                      with the ATLAS experiment}",
     institution   = "CERN",
     address       = "Geneva",
     number        = "ATL-COM-PHYS-2015-245",
     month         = "Apr",
     year          = "2015",
     reportNumber  = "ATL-COM-PHYS-2015-245",
     url           = "http://cds.cern.ch/record/2007886",
}
