% Created on 2016-10-10 16:23:36

@Booklet{ATL-LARG-PUB-2008-002,
    author         = "Lampl, Walter and others",
    title          = "{Calorimeter Clustering Algorithms: Description and Performance}",
    howpublished   = "{ATL-LARG-PUB-2008-002}",
    url            = "https://cds.cern.ch/record/1099735",
    year           = "2008",
}

@Booklet{ATL-PHYS-PUB-2009-001,
    author         = "{ATLAS Collaboration}",
    title          = "{Prospects for associated single top quark production cross section measurements in the dilepton decay mode with ATLAS}",
    howpublished   = "{ATL-PHYS-PUB-2009-001}",
    url            = "https://cds.cern.ch/record/1161128",
    year           = "2009",
}

@Booklet{ATL-PHYS-PUB-2009-011,
    author         = "{ATLAS Collaboration}",
    title          = "{Search for highly-excited string states with ATLAS}",
    howpublished   = "{ATL-PHYS-PUB-2009-011}",
    url            = "https://cds.cern.ch/record/1167960",
    year           = "2009",
}

@Booklet{ATL-PHYS-PUB-2009-075,
    author         = "{ATLAS Collaboration}",
    title          = "{Discovery Potential for Supersymmetry with $b$-jet Final States with the ATLAS detector}",
    howpublished   = "{ATL-PHYS-PUB-2009-075}",
    url            = "https://cds.cern.ch/record/1170698",
    year           = "2009",
}

@Booklet{ATL-PHYS-PUB-2009-076,
    author         = "{ATLAS Collaboration}",
    title          = "{A method for discovering heavy particles decaying into single boosted jets with substructure using the $k_{\perp}$ algorithm}",
    howpublished   = "{ATL-PHYS-PUB-2009-076}",
    url            = "https://cds.cern.ch/record/1177832",
    year           = "2009",
}

@Booklet{ATL-PHYS-PUB-2009-077,
    author         = "{ATLAS Collaboration}",
    title          = "{Background Estimation for Inclusive SUSY Searches - The Tiles Method}",
    howpublished   = "{ATL-PHYS-PUB-2009-077}",
    url            = "https://cds.cern.ch/record/1177160",
    year           = "2009",
}

@Booklet{ATL-PHYS-PUB-2009-078,
    author         = "{ATLAS Collaboration}",
    title          = "{Measuring $WZ$ longitudinal polarization with the ATLAS detector}",
    howpublished   = "{ATL-PHYS-PUB-2009-078}",
    url            = "https://cds.cern.ch/record/1165086",
    year           = "2009",
}

@Booklet{ATL-PHYS-PUB-2009-079,
    author         = "{ATLAS Collaboration}",
    title          = "{ATLAS searches for MSSM Higgs bosons decaying into SUSY cascades}",
    howpublished   = "{ATL-PHYS-PUB-2009-079}",
    url            = "https://cds.cern.ch/record/1165535",
    year           = "2009",
}

@Booklet{ATL-PHYS-PUB-2009-080,
    author         = "{ATLAS Collaboration}",
    title          = "{The Impact of Inner Detector Misalignments on Selected Physics Processes}",
    howpublished   = "{ATL-PHYS-PUB-2009-080}",
    url            = "https://cds.cern.ch/record/1178860",
    year           = "2009",
}

@Booklet{ATL-PHYS-PUB-2009-081,
    author         = "{ATLAS Collaboration}",
    title          = "{Reconstruction of High-Mass $t\bar{t}$  Resonances in the Lepton+Jets Channel}",
    howpublished   = "{ATL-PHYS-PUB-2009-081}",
    url            = "https://cds.cern.ch/record/1177410",
    year           = "2009",
}

@Booklet{ATL-PHYS-PUB-2009-082,
    author         = "{ATLAS Collaboration}",
    title          = "{Triggering on Long-Lived Neutral Particles in the ATLAS Detector}",
    howpublished   = "{ATL-PHYS-PUB-2009-082}",
    url            = "https://cds.cern.ch/record/1175196",
    year           = "2009",
}

@Booklet{ATL-PHYS-PUB-2009-083,
    author         = "{ATLAS Collaboration}",
    title          = "{Data-Driven Determination of $t\bar{t}$  Background to Supersymmetry Searches in ATLAS}",
    howpublished   = "{ATL-PHYS-PUB-2009-083}",
    url            = "https://cds.cern.ch/record/1190215",
    year           = "2009",
}

@Booklet{ATL-PHYS-PUB-2009-084,
    author         = "{ATLAS Collaboration}",
    title          = "{Prospects for Supersymmetry and Univeral Extra Dimensions discovery based on inclusive searches at a $10\;\mbox{TeV}$ centre-of-mass energy with the ATLAS detector }",
    howpublished   = "{ATL-PHYS-PUB-2009-084}",
    url            = "https://cds.cern.ch/record/1191916",
    year           = "2009",
}

@Booklet{ATL-PHYS-PUB-2009-085,
    author         = "{ATLAS Collaboration}",
    title          = "{Searching for Supersymmetry with two same-sign leptons, multi-jets plus missing transverse energy in ATLAS at $\sqrt{s} = 10\;\mbox{TeV}$}",
    howpublished   = "{ATL-PHYS-PUB-2009-085}",
    url            = "https://cds.cern.ch/record/1200151",
    year           = "2009",
}

@Booklet{ATL-PHYS-PUB-2009-086,
    author         = "{ATLAS Collaboration}",
    title          = "{Prospects for measuring top pair production in the dilepton channel with early ATLAS data at $\sqrt{s} = 10\;\mbox{TeV}$}",
    howpublished   = "{ATL-PHYS-PUB-2009-086}",
    url            = "https://cds.cern.ch/record/1200287",
    year           = "2009",
}

@Booklet{ATL-PHYS-PUB-2009-087,
    author         = "{ATLAS Collaboration}",
    title          = "{Prospects for the Top Pair Production Cross-section at $\sqrt{s} = 10\;\mbox{TeV}$ in the Single Lepton Channel in ATLAS}",
    howpublished   = "{ATL-PHYS-PUB-2009-087}",
    url            = "https://cds.cern.ch/record/1200436",
    year           = "2009",
}

@Booklet{ATL-PHYS-PUB-2009-088,
    author         = "{ATLAS Collaboration}",
    title          = "{ATLAS Sensitivity to the Standard Model Higgs in the $HW$ and $HZ$ Channels at High Transverse Momenta}",
    howpublished   = "{ATL-PHYS-PUB-2009-088}",
    url            = "https://cds.cern.ch/record/1201444",
    year           = "2009",
}

@Booklet{ATL-PHYS-PUB-2009-089,
    author         = "{ATLAS Collaboration}",
    title          = "{Expected performance of the ATLAS detector in GMSB models with $\tau$ final states}",
    howpublished   = "{ATL-PHYS-PUB-2009-089}",
    url            = "https://cds.cern.ch/record/1222126",
    year           = "2009",
}

@Booklet{ATL-PHYS-PUB-2010-001,
    author         = "{ATLAS Collaboration}",
    title          = "{Cut-based Identification of Hadronic $\tau$ Decays in Early ATLAS Data}",
    howpublished   = "{ATL-PHYS-PUB-2010-001}",
    url            = "https://cds.cern.ch/record/1233743",
    year           = "2010",
}

@Booklet{ATL-PHYS-PUB-2010-002,
    author         = "{ATLAS Collaboration}",
    title          = "{ATLAS Monte Carlo tunes for MC09}",
    howpublished   = "{ATL-PHYS-PUB-2010-002}",
    url            = "https://cds.cern.ch/record/1247375",
    year           = "2010",
}

@Booklet{ATL-PHYS-PUB-2010-003,
    author         = "{ATLAS Collaboration}",
    title          = "{Strategy to Search for Single-Top Events using early Data of the ATLAS Detector at the LHC}",
    howpublished   = "{ATL-PHYS-PUB-2010-003}",
    url            = "https://cds.cern.ch/record/1265835",
    year           = "2010",
}

@Booklet{ATL-PHYS-PUB-2010-004,
    author         = "{ATLAS Collaboration}",
    title          = "{Prospects for the Measurement of the Top-Quark Mass using the Template Method with early ATLAS Data}",
    howpublished   = "{ATL-PHYS-PUB-2010-004}",
    url            = "https://cds.cern.ch/record/1267950",
    year           = "2010",
}

@Booklet{ATL-PHYS-PUB-2010-005,
    author         = "{ATLAS Collaboration}",
    title          = "{Prospects for Higgs boson searches using the $H \rightarrow WW^{(*)} \rightarrow \ell\nu\ell\nu$ decay mode with the ATLAS detector at $10\;\mbox{TeV}$}",
    howpublished   = "{ATL-PHYS-PUB-2010-005}",
    url            = "https://cds.cern.ch/record/1270568",
    year           = "2010",
}

@Booklet{ATL-PHYS-PUB-2010-006,
    author         = "{ATLAS Collaboration}",
    title          = "{Expected Sensitivity in Light Charged Higgs Boson Searches for $H^{+} \to \tau^{+}\nu$ and $H^{+} \to c\bar{s}$ in Early LHC Data at the ATLAS Experiment}",
    howpublished   = "{ATL-PHYS-PUB-2010-006}",
    url            = "https://cds.cern.ch/record/1272425",
    year           = "2010",
}

@Booklet{ATL-PHYS-PUB-2010-007,
    author         = "{ATLAS Collaboration}",
    title          = "{ATLAS sensitivity prospects to $W'$ and $Z'$ in the decay channels $W' \rightarrow \ell \nu$ and $Z' \rightarrow \ell^+\ell^-$ at $\sqrt{s} = 7\;\mbox{TeV}$}",
    howpublished   = "{ATL-PHYS-PUB-2010-007}",
    url            = "https://cds.cern.ch/record/1277012",
    year           = "2010",
}

@Booklet{ATL-PHYS-PUB-2010-008,
    author         = "{ATLAS Collaboration}",
    title          = "{Prospects for early $t\bar{t}$ resonance searches in ATLAS}",
    howpublished   = "{ATL-PHYS-PUB-2010-008}",
    url            = "https://cds.cern.ch/record/1278454",
    year           = "2010",
}

@Booklet{ATL-PHYS-PUB-2010-009,
    author         = "{ATLAS Collaboration}",
    title          = "{ATLAS Sensitivity Prospects for Higgs Boson Production at the LHC Running at $7\;\mbox{TeV}$}",
    howpublished   = "{ATL-PHYS-PUB-2010-009}",
    url            = "https://cds.cern.ch/record/1278455",
    year           = "2010",
}

@Booklet{ATL-PHYS-PUB-2010-010,
    author         = "{ATLAS Collaboration}",
    title          = "{Prospects for Supersymmetry discovery based on inclusive searches at a  $7\;\mbox{TeV}$ centre-of-mass energy with the ATLAS detector}",
    howpublished   = "{ATL-PHYS-PUB-2010-010}",
    url            = "https://cds.cern.ch/record/1278474",
    year           = "2010",
}

@Booklet{ATL-PHYS-PUB-2010-011,
    author         = "{ATLAS Collaboration}",
    title          = "{Discovery Potential of $A/H \rightarrow \tau^{+} \tau^{-} \rightarrow \ell h$ in ATLAS}",
    howpublished   = "{ATL-PHYS-PUB-2010-011}",
    url            = "https://cds.cern.ch/record/1279115",
    year           = "2010",
}

@Booklet{ATL-PHYS-PUB-2010-012,
    author         = "{ATLAS Collaboration}",
    title          = "{Expected event distributions for early top pair candidates in ATLAS at $\sqrt{s} = 7\;\mbox{TeV}$}",
    howpublished   = "{ATL-PHYS-PUB-2010-012}",
    url            = "https://cds.cern.ch/record/1279118",
    year           = "2010",
}

@Booklet{ATL-PHYS-PUB-2010-013,
    author         = "{ATLAS Collaboration}",
    title          = "{The simulation principle and performance of the ATLAS fast calorimeter simulation FastCaloSim}",
    howpublished   = "{ATL-PHYS-PUB-2010-013}",
    url            = "https://cds.cern.ch/record/1300517",
    year           = "2010",
}

@Booklet{ATL-PHYS-PUB-2010-014,
    author         = "{ATLAS Collaboration}",
    title          = "{First tuning of HERWIG/JIMMY to ATLAS data}",
    howpublished   = "{ATL-PHYS-PUB-2010-014}",
    url            = "https://cds.cern.ch/record/1303025",
    year           = "2010",
}

@Booklet{ATL-PHYS-PUB-2010-015,
    author         = "{ATLAS Collaboration}",
    title          = "{ATLAS Sensitivity Prospects for Higgs Boson Production at the LHC Running at $7$, $8$ or $9\;\mbox{TeV}$}",
    howpublished   = "{ATL-PHYS-PUB-2010-015}",
    url            = "https://cds.cern.ch/record/1303604",
    year           = "2010",
}

@Booklet{ATL-PHYS-PUB-2011-001,
    author         = "{ATLAS Collaboration}",
    title          = "{Further investigations of ATLAS Sensitivity to Higgs Boson Production in different assumed LHC scenarios}",
    howpublished   = "{ATL-PHYS-PUB-2011-001}",
    url            = "https://cds.cern.ch/record/1323856",
    year           = "2011",
}

@Booklet{ATL-PHYS-PUB-2011-002,
    author         = "{ATLAS Collaboration}",
    title          = "{Physics potential of $Z'$ and $W'$ searches with the ATLAS Detector as a function of the LHC center-of-mass energy}",
    howpublished   = "{ATL-PHYS-PUB-2011-002}",
    url            = "https://cds.cern.ch/record/1323860",
    year           = "2011",
}

@Booklet{ATL-PHYS-PUB-2011-003,
    author         = "{ATLAS Collaboration}",
    title          = "{Simple extrapolations for supersymmetry discovery limits at different LHC centre-of-mass energies and luminosities, based on inclusive searches with the ATLAS detector}",
    howpublished   = "{ATL-PHYS-PUB-2011-003}",
    url            = "https://cds.cern.ch/record/1323868",
    year           = "2011",
}

@Booklet{ATL-PHYS-PUB-2011-004,
    author         = "{ATLAS Collaboration}",
    title          = "{ATLAS top physics potential as a function of LHC integrated luminosity}",
    howpublished   = "{ATL-PHYS-PUB-2011-004}",
    url            = "https://cds.cern.ch/record/1323895",
    year           = "2011",
}

@Booklet{ATL-PHYS-PUB-2011-005,
    author         = "{ATLAS Collaboration}",
    title          = "{Comparisons of the measured inclusive jet cross section to a selection of NLO QCD predictions, and a study of the parton content of the calculations}",
    howpublished   = "{ATL-PHYS-PUB-2011-005}",
    url            = "https://cds.cern.ch/record/1344075",
    year           = "2011",
}

@Booklet{ATL-PHYS-PUB-2011-006,
    author         = "{ATLAS Collaboration}",
    title          = "{Expected electron performance in the ATLAS experiment}",
    howpublished   = "{ATL-PHYS-PUB-2011-006}",
    url            = "https://cds.cern.ch/record/1345327",
    year           = "2011",
}

@Booklet{ATL-PHYS-PUB-2011-007,
    author         = "{ATLAS Collaboration}",
    title          = "{Expected photon performance in the ATLAS experiment}",
    howpublished   = "{ATL-PHYS-PUB-2011-007}",
    url            = "https://cds.cern.ch/record/1345329",
    year           = "2011",
}

@Booklet{ATL-PHYS-PUB-2011-008,
    author         = "{ATLAS Collaboration}",
    title          = "{New ATLAS event generator tunes to 2010 data}",
    howpublished   = "{ATL-PHYS-PUB-2011-008}",
    url            = "https://cds.cern.ch/record/1345343",
    year           = "2011",
}

@Booklet{ATL-PHYS-PUB-2011-009,
    author         = "{ATLAS Collaboration}",
    title          = "{ATLAS tunes of \textsc{Pythia} 6 and Pythia 8 for MC11}",
    howpublished   = "{ATL-PHYS-PUB-2011-009}",
    url            = "https://cds.cern.ch/record/1363300",
    year           = "2011",
}

@Booklet{ATL-PHYS-PUB-2011-010,
    author         = "{ATLAS Collaboration}",
    title          = "{Jet Shapes in ATLAS and Monte Carlo modeling}",
    howpublished   = "{ATL-PHYS-PUB-2011-010}",
    url            = "https://cds.cern.ch/record/1368881",
    year           = "2011",
}

@Booklet{ATL-PHYS-PUB-2011-011,
    author         = "{ATLAS Collaboration}",
    title          = "{Procedure for the LHC Higgs boson search combination in summer 2011}",
    howpublished   = "{ATL-PHYS-PUB-2011-011}",
    url            = "https://cds.cern.ch/record/1375842",
    year           = "2011",
}

@Booklet{ATL-PHYS-PUB-2011-012,
    author         = "{ATLAS Collaboration}",
    title          = "{Comparison of $D^{(*)}$ meson production cross sections with FONLL and GM-VFNS predictions}",
    howpublished   = "{ATL-PHYS-PUB-2011-012}",
    url            = "https://cds.cern.ch/record/1378479",
    year           = "2011",
}

@Booklet{ATL-PHYS-PUB-2011-013,
    author         = "{ATLAS Collaboration}",
    title          = "{Compiled measurements of the inclusive isolated prompt photon cross section in $pp$ collisions at $\sqrt{s} = 7\;\mbox{TeV}$ with the ATLAS detector}",
    howpublished   = "{ATL-PHYS-PUB-2011-013}",
    url            = "https://cds.cern.ch/record/1395049",
    year           = "2011",
}

@Booklet{ATL-PHYS-PUB-2011-014,
    author         = "{ATLAS Collaboration}",
    title          = "{Further ATLAS tunes of \textsc{Pythia} 6 and Pythia 8}",
    howpublished   = "{ATL-PHYS-PUB-2011-014}",
    url            = "https://cds.cern.ch/record/1400677",
    year           = "2011",
}

@Booklet{ATL-PHYS-PUB-2011-015,
    author         = "{ATLAS Collaboration}",
    title          = "{Studies of vector boson transverse momentum simulation in Monte Carlo event generators}",
    howpublished   = "{ATL-PHYS-PUB-2011-015}",
    url            = "https://cds.cern.ch/record/1402508",
    year           = "2011",
}

@Booklet{ATL-PHYS-PUB-2012-001,
    author         = "{ATLAS Collaboration}",
    title          = "{Physics at a High-Luminosity LHC with ATLAS}",
    howpublished   = "{ATL-PHYS-PUB-2012-001}",
    url            = "https://cds.cern.ch/record/1472518",
    year           = "2012",
}

@Booklet{ATL-PHYS-PUB-2012-002,
    author         = "{ATLAS Collaboration}",
    title          = "{Future of the ATLAS heavy ion program}",
    howpublished   = "{ATL-PHYS-PUB-2012-002}",
    url            = "https://cds.cern.ch/record/1472528",
    year           = "2012",
}

@Booklet{ATL-PHYS-PUB-2012-003,
    author         = "{ATLAS Collaboration}",
    title          = "{Summary of ATLAS Pythia 8 tunes}",
    howpublished   = "{ATL-PHYS-PUB-2012-003}",
    url            = "https://cds.cern.ch/record/1474107",
    year           = "2012",
}

@Booklet{ATL-PHYS-PUB-2012-004,
    author         = "{ATLAS Collaboration}",
    title          = "{Physics at a High-Luminosity LHC with ATLAS (Update)}",
    howpublished   = "{ATL-PHYS-PUB-2012-004}",
    url            = "https://cds.cern.ch/record/1484890",
    year           = "2012",
}

@Booklet{ATL-PHYS-PUB-2012-005,
    author         = "{ATLAS Collaboration}",
    title          = "{Studies of Vector Boson Scattering with an Upgraded ATLAS Detector at a High-Luminosity LHC}",
    howpublished   = "{ATL-PHYS-PUB-2012-005}",
    url            = "https://cds.cern.ch/record/1496527",
    year           = "2012",
}

@Booklet{ATL-DAQ-PUB-2013-002,
    author         = "{ATLAS Collaboration}",
    title          = "{Studies for the development of the Inner Detector trigger algorithms at ATLAS}",
    howpublished   = "{ATL-DAQ-PUB-2013-002}",
    url            = "https://cds.cern.ch/record/1602918 ",
    year           = "2013",
}

@Booklet{ATL-PHYS-PUB-2013-001,
    author         = "{ATLAS Collaboration}",
    title          = "{Studies of the ATLAS potential for Higgs self-coupling measurements at a High Luminosity LHC}",
    howpublished   = "{ATL-PHYS-PUB-2013-001}",
    url            = "https://cds.cern.ch/record/1507263",
    year           = "2013",
}

@Booklet{ATL-PHYS-PUB-2013-002,
    author         = "{ATLAS Collaboration}",
    title          = "{Searches for Supersymmetry at the high luminosity LHC with the ATLAS Detector}",
    howpublished   = "{ATL-PHYS-PUB-2013-002}",
    url            = "https://cds.cern.ch/record/1512933",
    year           = "2013",
}

@Booklet{ATL-PHYS-PUB-2013-003,
    author         = "{ATLAS Collaboration}",
    title          = "{Studies of Sensitivity to New Dilepton and Ditop Resonances with an Upgraded ATLAS Detector at a High-Luminosity LHC}",
    howpublished   = "{ATL-PHYS-PUB-2013-003}",
    url            = "https://cds.cern.ch/record/1516108",
    year           = "2013",
}

@Booklet{ATL-PHYS-PUB-2013-004,
    author         = "{ATLAS Collaboration}",
    title          = "{Performance assumptions for an upgraded ATLAS detector at a High-Luminosity LHC}",
    howpublished   = "{ATL-PHYS-PUB-2013-004}",
    url            = "https://cds.cern.ch/record/1527529",
    year           = "2013",
}

@Booklet{ATL-PHYS-PUB-2013-005,
    author         = "{ATLAS Collaboration}",
    title          = "{Monte Carlo generator comparisons to ATLAS measurements constraining QCD radiation in top anti-top final states}",
    howpublished   = "{ATL-PHYS-PUB-2013-005}",
    url            = "https://cds.cern.ch/record/1532067",
    year           = "2013",
}

@Booklet{ATL-PHYS-PUB-2013-006,
    author         = "{ATLAS Collaboration}",
    title          = "{Studies of Vector Boson Scattering And Triboson Production with an Upgraded ATLAS Detector at a High-Luminosity LHC}",
    howpublished   = "{ATL-PHYS-PUB-2013-006}",
    url            = "https://cds.cern.ch/record/1558703",
    year           = "2013",
}

@Booklet{ATL-PHYS-PUB-2013-007,
    author         = "{ATLAS Collaboration}",
    title          = "{Physics at a High-Luminosity LHC with ATLAS}",
    howpublished   = "{ATL-PHYS-PUB-2013-007}",
    url            = "https://cds.cern.ch/record/1564937",
    year           = "2013",
}

@Booklet{ATL-PHYS-PUB-2013-008,
    author         = "{ATLAS Collaboration}",
    title          = "{Comparison of selected ATLAS top pair differential cross section measurements to NLO QCD predictions}",
    howpublished   = "{ATL-PHYS-PUB-2013-008}",
    url            = "https://cds.cern.ch/record/1568552",
    year           = "2013",
}

@Booklet{ATL-PHYS-PUB-2013-009,
    author         = "{ATLAS Collaboration}",
    title          = "{Performance assumptions based on full simulation for an upgraded ATLAS detector at a High-Luminosity LHC}",
    howpublished   = "{ATL-PHYS-PUB-2013-009}",
    url            = "https://cds.cern.ch/record/1604420",
    year           = "2013",
}

@Booklet{ATL-PHYS-PUB-2013-010,
    author         = "{ATLAS Collaboration}",
    title          = "{ATLAS B-physics studies at increased LHC luminosity, potential for CP-violation measurement in the $B^{0}_{s} \rightarrow J/\psi \phi$ decay}",
    howpublished   = "{ATL-PHYS-PUB-2013-010}",
    url            = "https://cds.cern.ch/record/1604429",
    year           = "2013",
}

@Booklet{ATL-PHYS-PUB-2013-011,
    author         = "{ATLAS Collaboration}",
    title          = "{Prospects for benchmark Supersymmetry searches at the high luminosity LHC with the ATLAS Detector}",
    howpublished   = "{ATL-PHYS-PUB-2013-011}",
    url            = "https://cds.cern.ch/record/1604505",
    year           = "2013",
}

@Booklet{ATL-PHYS-PUB-2013-012,
    author         = "{ATLAS Collaboration}",
    title          = "{Sensitivity of ATLAS at HL-LHC to flavour changing neutral currents in top quark decays $t \rightarrow cH$, with $H \rightarrow \gamma\gamma$}",
    howpublished   = "{ATL-PHYS-PUB-2013-012}",
    url            = "https://cds.cern.ch/record/1604506",
    year           = "2013",
}

@Booklet{ATL-PHYS-PUB-2013-013,
    author         = "{ATLAS Collaboration}",
    title          = "{Prospects for measurements of the $HZZ$ vertex tensor structure in $H \rightarrow ZZ^{*} \rightarrow 4\ell$ decay channel with ATLAS}",
    howpublished   = "{ATL-PHYS-PUB-2013-013}",
    url            = "https://cds.cern.ch/record/1611123",
    year           = "2013",
}

@Booklet{ATL-PHYS-PUB-2013-014,
    author         = "{ATLAS Collaboration}",
    title          = "{Projections for measurements of Higgs boson cross sections, branching ratios and coupling parameters with the ATLAS detector at a HL-LHC}",
    howpublished   = "{ATL-PHYS-PUB-2013-014}",
    url            = "https://cds.cern.ch/record/1611186",
    year           = "2013",
}

@Booklet{ATL-PHYS-PUB-2013-015,
    author         = "{ATLAS Collaboration}",
    title          = "{Sensitivity to New Phenomena via Higgs Couplings with the ATLAS Detector at a High-Luminosity LHC}",
    howpublished   = "{ATL-PHYS-PUB-2013-015}",
    url            = "https://cds.cern.ch/record/1611189",
    year           = "2013",
}

@Booklet{ATL-PHYS-PUB-2013-016,
    author         = "{ATLAS Collaboration}",
    title          = "{Beyond-the-Standard-Model Higgs boson searches at a High-Luminosity LHC with ATLAS}",
    howpublished   = "{ATL-PHYS-PUB-2013-016}",
    url            = "https://cds.cern.ch/record/1611190",
    year           = "2013",
}

@Booklet{ATL-PHYS-PUB-2013-017,
    author         = "{ATLAS Collaboration}",
    title          = "{Example ATLAS tunes of \textsc{Pythia8}, \textsc{Pythia6} and \textsc{Powheg} to an observable sensitive to $Z$ boson transverse momentum}",
    howpublished   = "{ATL-PHYS-PUB-2013-017}",
    url            = "https://cds.cern.ch/record/1629317",
    year           = "2013",
}

@Booklet{ATL-PHYS-PUB-2013-018,
    author         = "{ATLAS Collaboration}",
    title          = "{A study of the sensitivity to the proton parton distributions of the inclusive photon production cross section in $pp$ collisions at $7\;\mbox{TeV}$ measured by the ATLAS experiment at the LHC}",
    howpublished   = "{ATL-PHYS-PUB-2013-018}",
    url            = "https://cds.cern.ch/record/1636863",
    year           = "2013",
}

@Booklet{ATL-UPGRADE-PUB-2013-014,
    author         = "{ATLAS Collaboration}",
    title          = "{Expected pile-up values at the HL-LHC}",
    howpublished   = "{ATL-UPGRADE-PUB-2013-014}",
    url            = "https://cds.cern.ch/record/1604492",
    year           = "2013",
}

@Booklet{ATL-INDET-PUB-2014-001,
    author         = "{ATLAS Collaboration}",
    title          = "{Basic ATLAS TRT performance studies of Run 1}",
    howpublished   = "{ATL-INDET-PUB-2014-001}",
    url            = "https://cds.cern.ch/record/1669603",
    year           = "2014",
}

@Booklet{ATL-INDET-PUB-2014-004,
    author         = "{ATLAS Collaboration}",
    title          = "{A Leakage Current-based Measurement of the Radiation Damage in the ATLAS Pixel Detector}",
    howpublished   = "{ATL-INDET-PUB-2014-004}",
    url            = "https://cds.cern.ch/record/1752122",
    year           = "2014",
}

@Booklet{ATL-INDET-PUB-2014-005,
    author         = "{ATLAS Collaboration}",
    title          = "{Using the size of clusters in the ATLAS pixel detector to reject spurious clusters and provide an initial estimate of track direction and position along the beam line}",
    howpublished   = "{ATL-INDET-PUB-2014-005}",
    url            = "https://cds.cern.ch/record/1753400",
    year           = "2014",
}

@Booklet{ATL-INDET-PUB-2014-006,
    author         = "{ATLAS Collaboration}",
    title          = "{ATLAS Pixel IBL: Stave Quality Assurance}",
    howpublished   = "{ATL-INDET-PUB-2014-006}",
    url            = "https://cds.cern.ch/record/1754509",
    year           = "2014",
}

@Booklet{ATL-PHYS-PUB-2014-001,
    author         = "{ATLAS Collaboration}",
    title          = "{Tagging and suppression of pileup jets}",
    howpublished   = "{ATL-PHYS-PUB-2014-001}",
    url            = "https://atlas.web.cern.ch/Atlas/GROUPS/PHYSICS/PUBNOTES/ATL-PHYS-PUB-2014-001/",
    year           = "2014",
}

@Booklet{ATL-PHYS-PUB-2014-002,
    author         = "{ATLAS Collaboration}",
    title          = "{A measurement of single hadron response using data at $\sqrt{s} = 8\;\mbox{TeV}$ with the ATLAS detector}",
    howpublished   = "{ATL-PHYS-PUB-2014-002}",
    url            = "https://cds.cern.ch/record/1668961",
    year           = "2014",
}

@Booklet{ATL-PHYS-PUB-2014-003,
    author         = "{ATLAS Collaboration}",
    title          = "{Comparison of the response of the ATLAS detector to electromagnetic processes in data at $8\;\mbox{TeV}$ and simulation using different \textsc{Geant4} setups}",
    howpublished   = "{ATL-PHYS-PUB-2014-003}",
    url            = "https://atlas.web.cern.ch/Atlas/GROUPS/PHYSICS/PUBNOTES/ATL-PHYS-PUB-2014-003/",
    year           = "2014",
}

@Booklet{ATL-PHYS-PUB-2014-004,
    author         = "{ATLAS Collaboration}",
    title          = "{Performance of Boosted $W$ Boson Identification with the ATLAS Detector}",
    howpublished   = "{ATL-PHYS-PUB-2014-004}",
    url            = "https://atlas.web.cern.ch/Atlas/GROUPS/PHYSICS/PUBNOTES/ATL-PHYS-PUB-2014-004/",
    year           = "2014",
}

@Booklet{ATL-PHYS-PUB-2014-005,
    author         = "{ATLAS Collaboration}",
    title          = "{Comparison of Monte Carlo generator predictions for gap fraction and jet multiplicity observables in  $t\bar{t}$ events}",
    howpublished   = "{ATL-PHYS-PUB-2014-005}",
    url            = "https://cds.cern.ch/record/1703034",
    year           = "2014",
}

@Booklet{ATL-PHYS-PUB-2014-006,
    author         = "{ATLAS Collaboration}",
    title          = "{Update of the prospects for the $H \rightarrow Z\gamma$ search at the High-Luminosity LHC}",
    howpublished   = "{ATL-PHYS-PUB-2014-006}",
    url            = "https://cds.cern.ch/record/1703276",
    year           = "2014",
}

@Booklet{ATL-PHYS-PUB-2014-007,
    author         = "{ATLAS Collaboration}",
    title          = "{Sensitivity to WIMP Dark Matter in the Final States Containing Jets and Missing Transverse Momentum with the ATLAS Detector at $14\;\mbox{TeV}$ LHC}",
    howpublished   = "{ATL-PHYS-PUB-2014-007}",
    url            = "https://cds.cern.ch/record/1708859",
    year           = "2014",
}

@Booklet{ATL-PHYS-PUB-2014-008,
    author         = "{ATLAS Collaboration}",
    title          = "{Comparison of Monte Carlo generator predictions for bottom and charm hadrons in the decays of top quarks and the fragmentation of high $p_{\mathrm{T}}$ jets}",
    howpublished   = "{ATL-PHYS-PUB-2014-008}",
    url            = "https://cds.cern.ch/record/1709132",
    year           = "2014",
}

@Booklet{ATL-PHYS-PUB-2014-009,
    author         = "{ATLAS Collaboration}",
    title          = "{ATLAS interpretation of the combined measurements of coupling properties of the Higgs boson in terms of its production cross sections}",
    howpublished   = "{ATL-PHYS-PUB-2014-009}",
    url            = "https://cds.cern.ch/record/1735027",
    year           = "2014",
}

@Booklet{ATL-PHYS-PUB-2014-010,
    author         = "{ATLAS Collaboration}",
    title          = "{Search for Supersymmetry at the high luminosity LHC with the ATLAS Detector}",
    howpublished   = "{ATL-PHYS-PUB-2014-010}",
    url            = "https://cds.cern.ch/record/1735031",
    year           = "2014",
}

@Booklet{ATL-PHYS-PUB-2014-011,
    author         = "{ATLAS Collaboration}",
    title          = "{A study of Standard Model Higgs boson production in the decay mode $H \rightarrow b\bar{b}$ in association with a $W$ or $Z$ boson for High Luminosity LHC Running}",
    howpublished   = "{ATL-PHYS-PUB-2014-011}",
    url            = "https://atlas.web.cern.ch/Atlas/GROUPS/PHYSICS/PUBNOTES/ATL-PHYS-PUB-2014-011",
    year           = "2014",
}

@Booklet{ATL-PHYS-PUB-2014-012,
    author         = "{ATLAS Collaboration}",
    title          = "{HL-LHC projections for signal and background yield measurements of the $H \rightarrow \gamma\gamma$ when the Higgs boson is produced in association with $t$ quarks, $W$ or $Z$ bosons}",
    howpublished   = "{ATL-PHYS-PUB-2014-012}",
    url            = "https://atlas.web.cern.ch/Atlas/GROUPS/PHYSICS/PUBNOTES/ATL-PHYS-PUB-2014-012",
    year           = "2014",
}

@Booklet{ATL-PHYS-PUB-2014-013,
    author         = "{ATLAS Collaboration}",
    title          = "{Flavor Tagging with Track-Jets in Boosted Topologies with the ATLAS Detector}",
    howpublished   = "{ATL-PHYS-PUB-2014-013}",
    url            = "https://atlas.web.cern.ch/Atlas/GROUPS/PHYSICS/PUBNOTES/ATL-PHYS-PUB-2014-013",
    year           = "2014",
}

@Booklet{ATL-PHYS-PUB-2014-014,
    author         = "{ATLAS Collaboration}",
    title          = "{$b$-tagging in dense environments}",
    howpublished   = "{ATL-PHYS-PUB-2014-014}",
    url            = "https://atlas.web.cern.ch/Atlas/GROUPS/PHYSICS/PUBNOTES/ATL-PHYS-PUB-2014-014",
    year           = "2014",
}

@Booklet{ATL-PHYS-PUB-2014-015,
    author         = "{ATLAS Collaboration}",
    title          = "{Studies of theoretical uncertainties on the measurement of the mass of the $W$ boson at the LHC}",
    howpublished   = "{ATL-PHYS-PUB-2014-015}",
    url            = "https://cds.cern.ch/record/1956455",
    year           = "2014",
}

@Booklet{ATL-PHYS-PUB-2014-016,
    author         = "{ATLAS Collaboration}",
    title          = "{Projections for measurements of Higgs boson signal strengths and coupling parameters with the ATLAS detector at the HL-LHC}",
    howpublished   = "{ATL-PHYS-PUB-2014-016}",
    url            = "https://cds.cern.ch/record/1956710",
    year           = "2014",
}

@Booklet{ATL-PHYS-PUB-2014-017,
    author         = "{ATLAS Collaboration}",
    title          = "{Prospects for New Physics in Higgs Couplings Studies with the ATLAS Detector at the HL-LHC}",
    howpublished   = "{ATL-PHYS-PUB-2014-017}",
    url            = "https://cds.cern.ch/record/1956711",
    year           = "2014",
}

@Booklet{ATL-PHYS-PUB-2014-018,
    author         = "{ATLAS Collaboration}",
    title          = "{Studies of the VBF $H \rightarrow \tau_{\ell} \tau_{\mathrm{had}}$ analysis at High Luminosity LHC conditions}",
    howpublished   = "{ATL-PHYS-PUB-2014-018}",
    url            = "https://cds.cern.ch/record/1956732",
    year           = "2014",
}

@Booklet{ATL-PHYS-PUB-2014-019,
    author         = "{ATLAS Collaboration}",
    title          = "{Prospects for measuring Higgs pair production in the channel $H(\rightarrow \gamma\gamma) H(\rightarrow b\bar{b})$ using the ATLAS detector at the HL-LHC}",
    howpublished   = "{ATL-PHYS-PUB-2014-019}",
    url            = "https://cds.cern.ch/record/1956733",
    year           = "2014",
}

@Booklet{ATL-PHYS-PUB-2014-020,
    author         = "{ATLAS and CMS Collaborations}",
    title          = "{Jet energy scale uncertainty correlations between ATLAS and CMS}",
    howpublished   = "{ATL-PHYS-PUB-2014-020}",
    url            = "https://cds.cern.ch/record/1956734",
    year           = "2014",
}

@Booklet{ATL-PHYS-PUB-2014-021,
    author         = "{ATLAS Collaboration}",
    title          = "{ATLAS Pythia~8 tunes to $7\;\mbox{TeV}$ data}",
    howpublished   = "{ATL-PHYS-PUB-2014-021}",
    url            = "https://cds.cern.ch/record/1966419",
    year           = "2014",
}

@Booklet{ATL-PHYS-PUB-2014-022,
    author         = "{ATLAS Collaboration}",
    title          = "{Studies of Monte Carlo generators in Higgs boson production for Run~2}",
    howpublished   = "{ATL-PHYS-PUB-2014-022}",
    url            = "https://cds.cern.ch/record/1978192",
    year           = "2014",
}

@Booklet{ATL-SOFT-PUB-2014-003,
    author         = "{ATLAS Collaboration}",
    title          = "{Common Framework Implementation for the Track-Based Alignment of the ATLAS Detector}",
    howpublished   = "{ATL-SOFT-PUB-2014-003}",
    url            = "https://atlas.web.cern.ch/Atlas/GROUPS/PHYSICS/PUBNOTES/ATL-SOFT-PUB-2014-003/",
    year           = "2014",
}

@Booklet{ATL-SOFT-PUB-2014-01,
    author         = "{ATLAS Collaboration}",
    title          = "{Performance of the Fast ATLAS Tracking Simulation (FATRAS) and the ATLAS Fast Calorimeter Simulation (FastCaloSim) with single particles}",
    howpublished   = "{ATL-SOFT-PUB-2014-01}",
    url            = "https://cds.cern.ch/record/1669341",
    year           = "2014",
}

@Booklet{ATL-INDET-PUB-2015-001,
    author         = "{ATLAS Collaboration}",
    title          = "{Study of the mechanical stability of the ATLAS Insertable B-Layer}",
    howpublished   = "{ATL-INDET-PUB-2015-001}",
    url            = "https://cds.cern.ch/record/2022587",
    year           = "2015",
}

@Booklet{ATL-INDET-PUB-2015-003,
    author         = "{ATLAS Collaboration}",
    title          = "{IBL Module Loading onto Stave and Quality Check}",
    howpublished   = "{ATL-INDET-PUB-2015-003}",
    url            = "https://cds.cern.ch/record/2110639",
    year           = "2015",
}

@Booklet{ATL-LARG-PUB-2015-001,
    author         = "{ATLAS Collaboration}",
    title          = "{Upgrade plans for the Hadronic Endcap Calorimeter of ATLAS for the high luminosity stage of the LHC}",
    howpublished   = "{ATL-LARG-PUB-2015-001}",
    url            = "https://cds.cern.ch/record/2034846",
    year           = "2015",
}

@Booklet{ATL-MUON-PUB-2015-001,
    author         = "{ATLAS Collaboration}",
    title          = "{Stereo Information in Micromegas Detectors}",
    howpublished   = "{ATL-MUON-PUB-2015-001}",
    url            = "https://cds.cern.ch/record/2052206",
    year           = "2015",
}

@Booklet{ATL-MUON-PUB-2015-002,
    author         = "{ATLAS Collaboration}",
    title          = "{Texas Instruments TPS7H1101-SP Fast Neutron Irradiation Results}",
    howpublished   = "{ATL-MUON-PUB-2015-002}",
    url            = "https://cds.cern.ch/record/2054955",
    year           = "2015",
}

@Booklet{ATL-PHYS-PUB-2015-001,
    author         = "{ATLAS Collaboration}",
    title          = "{Performance and Calibration of the JetFitterCharm Algorithm for $c$-Jet Identification}",
    howpublished   = "{ATL-PHYS-PUB-2015-001}",
    url            = "https://cds.cern.ch/record/1980463",
    year           = "2015",
}

@Booklet{ATL-PHYS-PUB-2015-002,
    author         = "{ATLAS Collaboration}",
    title          = "{Comparison of Monte Carlo generator predictions to ATLAS measurements of top pair production at $7\;\mbox{TeV}$}",
    howpublished   = "{ATL-PHYS-PUB-2015-002}",
    url            = "https://cds.cern.ch/record/1981319",
    year           = "2015",
}

@Booklet{ATL-PHYS-PUB-2015-003,
    author         = "{ATLAS Collaboration}",
    title          = "{Exclusive Jet Production with Forward Proton Tagging. Feasibility Studies for the AFP Project}",
    howpublished   = "{ATL-PHYS-PUB-2015-003}",
    url            = "https://cds.cern.ch/record/1993686",
    year           = "2015",
}

@Booklet{ATL-PHYS-PUB-2015-004,
    author         = "{ATLAS Collaboration}",
    title          = "{Dijet resonance searches with the ATLAS detector at $14\;\mbox{TeV}$ LHC}",
    howpublished   = "{ATL-PHYS-PUB-2015-004}",
    url            = "https://cds.cern.ch/record/2002136",
    year           = "2015",
}

@Booklet{ATL-PHYS-PUB-2015-005,
    author         = "{ATLAS Collaboration}",
    title          = "{Expected sensitivity studies for gluino and squark searches using the early LHC $13\;\mbox{TeV}$ Run-2 dataset with the ATLAS experiment}",
    howpublished   = "{ATL-PHYS-PUB-2015-005}",
    url            = "https://atlas.web.cern.ch/Atlas/GROUPS/PHYSICS/PUBNOTES/ATL-PHYS-PUB-2015-005",
    year           = "2015",
}

@Booklet{ATL-PHYS-PUB-2015-006,
    author         = "{ATLAS Collaboration}",
    title          = "{The Optimization of ATLAS Track Reconstruction in Dense Environments}",
    howpublished   = "{ATL-PHYS-PUB-2015-006}",
    url            = "https://cds.cern.ch/record/2002609",
    year           = "2015",
}

@Booklet{ATL-PHYS-PUB-2015-007,
    author         = "{ATLAS Collaboration}",
    title          = "{A study of the sensitivity to the \textsc{Pythia8} parton shower parameters of $t\bar{t}$ production measurements in $pp$ collisions at $\sqrt{s} = 7\;\mbox{TeV}$ with the ATLAS experiment at the LHC}",
    howpublished   = "{ATL-PHYS-PUB-2015-007}",
    url            = "https://cds.cern.ch/record/2004362",
    year           = "2015",
}

@Booklet{ATL-PHYS-PUB-2015-008,
    author         = "{ATLAS Collaboration}",
    title          = "{An imaging algorithm for vertex reconstruction for ATLAS Run-2}",
    howpublished   = "{ATL-PHYS-PUB-2015-008}",
    url            = "https://cds.cern.ch/record/2008700",
    year           = "2015",
}

@Booklet{ATL-PHYS-PUB-2015-009,
    author         = "{ATLAS Collaboration}",
    title          = "{ATLAS Inner Detector Alignment Performance with February 2015 Cosmic Ray Data}",
    howpublished   = "{ATL-PHYS-PUB-2015-009}",
    url            = "https://cds.cern.ch/record/2008724",
    year           = "2015",
}

@Booklet{ATL-PHYS-PUB-2015-010,
    author         = "{ATLAS Collaboration}",
    title          = "{Study of correlation of PDF uncertainty in single top and top pair production at the LHC}",
    howpublished   = "{ATL-PHYS-PUB-2015-010}",
    url            = "https://atlas.web.cern.ch/Atlas/GROUPS/PHYSICS/PUBNOTES/ATL-PHYS-PUB-2015-010",
    year           = "2015",
}

@Booklet{ATL-PHYS-PUB-2015-011,
    author         = "{ATLAS Collaboration}",
    title          = "{Comparison of Monte Carlo generator predictions from Powheg and Sherpa to ATLAS measurements of top pair production at $7\;\mbox{TeV}$}",
    howpublished   = "{ATL-PHYS-PUB-2015-011}",
    url            = "https://cds.cern.ch/record/2020602",
    year           = "2015",
}

@Booklet{ATL-PHYS-PUB-2015-012,
    author         = "{ATLAS Collaboration}",
    title          = "{Cluster Properties and Lorentz Angle Measurement in the 4-Layer Pixel Detector Using Cosmic Rays}",
    howpublished   = "{ATL-PHYS-PUB-2015-012}",
    url            = "https://cds.cern.ch/record/2020912",
    year           = "2015",
}

@Booklet{ATL-PHYS-PUB-2015-013,
    author         = "{ATLAS Collaboration}",
    title          = "{Proposal for particle-level object and observable definitions for use in physics measurements at the LHC}",
    howpublished   = "{ATL-PHYS-PUB-2015-013}",
    url            = "https://cds.cern.ch/record/2022743",
    year           = "2015",
}

@Booklet{ATL-PHYS-PUB-2015-014,
    author         = "{ATLAS Collaboration}",
    title          = "{A method for the construction of strongly reduced representations of ATLAS experimental uncertainties and the application thereof to the jet energy scale}",
    howpublished   = "{ATL-PHYS-PUB-2015-014}",
    url            = "https://cds.cern.ch/record/2037436",
    year           = "2015",
}

@Booklet{ATL-PHYS-PUB-2015-015,
    author         = "{ATLAS Collaboration}",
    title          = "{Jet Calibration and Systematic Uncertainties for Jets Reconstructed in the ATLAS Detector at $\sqrt{s} = 13\;\mbox{TeV}$}",
    howpublished   = "{ATL-PHYS-PUB-2015-015}",
    url            = "https://cds.cern.ch/record/2037613",
    year           = "2015",
}

@Booklet{ATL-PHYS-PUB-2015-016,
    author         = "{ATLAS Collaboration}",
    title          = "{Study of inclusive isolated-photon production in $pp$ collisions at $\sqrt{s} = 13\;\mbox{TeV}$ with the ATLAS detector}",
    howpublished   = "{ATL-PHYS-PUB-2015-016}",
    url            = "https://cds.cern.ch/record/2037667",
    year           = "2015",
}

@Booklet{ATL-PHYS-PUB-2015-017,
    author         = "{ATLAS Collaboration}",
    title          = "{Event Kinematic Distributions in Top-Quark Enriched Samples from $\sqrt{s} = 13\;\mbox{TeV}$ $pp$ Collisions in the ATLAS Detector}",
    howpublished   = "{ATL-PHYS-PUB-2015-017}",
    url            = "https://atlas.web.cern.ch/Atlas/GROUPS/PHYSICS/PUBNOTES/ATL-PHYS-PUB-2015-017",
    year           = "2015",
}

@Booklet{ATL-PHYS-PUB-2015-018,
    author         = "{ATLAS Collaboration}",
    title          = "{Track Reconstruction Performance of the ATLAS Inner Detector at  $\sqrt{s} = 13\;\mbox{TeV}$}",
    howpublished   = "{ATL-PHYS-PUB-2015-018}",
    url            = "https://cds.cern.ch/record/2037683",
    year           = "2015",
}

@Booklet{ATL-PHYS-PUB-2015-019,
    author         = "{ATLAS Collaboration}",
    title          = "{Detector level leading track underlying event distributions at $13\;\mbox{TeV}$ measured in ATLAS}",
    howpublished   = "{ATL-PHYS-PUB-2015-019}",
    url            = "https://cds.cern.ch/record/2037684",
    year           = "2015",
}

@Booklet{ATL-PHYS-PUB-2015-020,
    author         = "{ATLAS Collaboration}",
    title          = "{Inclusive spectra of isolated di-photon candidates using $6.4\;\mbox{pb}^{-1}$ of $pp$ collisions at $\sqrt{s} = 13\;\mbox{TeV}$}",
    howpublished   = "{ATL-PHYS-PUB-2015-020}",
    url            = "https://cds.cern.ch/record/2037687",
    year           = "2015",
}

@Booklet{ATL-PHYS-PUB-2015-021,
    author         = "{ATLAS Collaboration}",
    title          = "{Kinematic distributions of $W \rightarrow l \nu$ and $Z \rightarrow ll$ production from $pp$ collisions at $\sqrt{s} = 13\;\mbox{TeV}$ in the ATLAS detector}",
    howpublished   = "{ATL-PHYS-PUB-2015-021}",
    url            = "https://cds.cern.ch/record/2037696",
    year           = "2015",
}

@Booklet{ATL-PHYS-PUB-2015-022,
    author         = "{ATLAS Collaboration}",
    title          = "{Expected performance of the ATLAS $b$-tagging algorithms in Run-2}",
    howpublished   = "{ATL-PHYS-PUB-2015-022}",
    url            = "https://cds.cern.ch/record/2037697",
    year           = "2015",
}

@Booklet{ATL-PHYS-PUB-2015-023,
    author         = "{ATLAS Collaboration}",
    title          = "{Expected performance of missing transverse momentum reconstruction for the ATLAS detector at $\sqrt{s} = 13\;\mbox{TeV}$}",
    howpublished   = "{ATL-PHYS-PUB-2015-023}",
    url            = "https://cds.cern.ch/record/2037700",
    year           = "2015",
}

@Booklet{ATL-PHYS-PUB-2015-024,
    author         = "{ATLAS Collaboration}",
    title          = "{Off-shell Higgs boson couplings measurement using $H \rightarrow ZZ \rightarrow 4\ell$ events at High Luminosity LHC }",
    howpublished   = "{ATL-PHYS-PUB-2015-024}",
    url            = "https://cds.cern.ch/record/2037715",
    year           = "2015",
}

@Booklet{ATL-PHYS-PUB-2015-025,
    author         = "{ATLAS Collaboration}",
    title          = "{Commissioning of the reconstruction of hadronic tau lepton decays in ATLAS using $pp$ collisions at $\sqrt{s} = 13\;\mbox{TeV}$}",
    howpublished   = "{ATL-PHYS-PUB-2015-025}",
    url            = "https://cds.cern.ch/record/2037716",
    year           = "2015",
}

@Booklet{ATL-PHYS-PUB-2015-026,
    author         = "{ATLAS Collaboration}",
    title          = "{Vertex Reconstruction Performance of the ATLAS Detector at$\sqrt{s} = 13\;\mbox{TeV}$}",
    howpublished   = "{ATL-PHYS-PUB-2015-026}",
    url            = "https://cds.cern.ch/record/2037717",
    year           = "2015",
}

@Booklet{ATL-PHYS-PUB-2015-027,
    author         = "{ATLAS Collaboration}",
    title          = "{Performance of missing transverse momentum reconstruction with the ATLAS detector in the first proton--proton collisions at $\sqrt{s} = 13\;\mbox{TeV}$}",
    howpublished   = "{ATL-PHYS-PUB-2015-027}",
    url            = "https://cds.cern.ch/record/2037904",
    year           = "2015",
}

@Booklet{ATL-PHYS-PUB-2015-028,
    author         = "{ATLAS Collaboration}",
    title          = "{ First look at $pp$ collisions data at $\sqrt{s} = 13\;\mbox{TeV}$ in preparation for a search for squarks and gluinos in final states with jets and missing transverse momentum with the ATLAS detector}",
    howpublished   = "{ATL-PHYS-PUB-2015-028}",
    url            = "https://atlas.web.cern.ch/Atlas/GROUPS/PHYSICS/PUBNOTES/ATL-PHYS-PUB-2015-028",
    year           = "2015",
}

@Booklet{ATL-PHYS-PUB-2015-029,
    author         = "{ATLAS Collaboration}",
    title          = "{First look at proton--proton collision data at $\sqrt{s} = 13\;\mbox{TeV}$ in preparation for a search for squarks and gluinos in events with missing transverse energy, jets, and an isolated electron or muon}",
    howpublished   = "{ATL-PHYS-PUB-2015-029}",
    url            = "https://atlas.web.cern.ch/Atlas/GROUPS/PHYSICS/PUBNOTES/ATL-PHYS-PUB-2015-029",
    year           = "2015",
}

@Booklet{ATL-PHYS-PUB-2015-030,
    author         = "{ATLAS Collaboration}",
    title          = "{First validation plots in preparation for a search for new phenomena in final states with large jet multiplicities and missing transverse momentum at $\sqrt{s} = 13\;\mbox{TeV}$ proton--proton collisions using the ATLAS experiment}",
    howpublished   = "{ATL-PHYS-PUB-2015-030}",
    url            = "https://atlas.web.cern.ch/Atlas/GROUPS/PHYSICS/PUBNOTES/ATL-PHYS-PUB-2015-030",
    year           = "2015",
}

@Booklet{ATL-PHYS-PUB-2015-031,
    author         = "{ATLAS Collaboration}",
    title          = "{Alignment of the ATLAS Inner Detector with the initial LHC data at $\sqrt{s} = 13\;\mbox{TeV}$}",
    howpublished   = "{ATL-PHYS-PUB-2015-031}",
    url            = "https://cds.cern.ch/record/2038139",
    year           = "2015",
}

@Booklet{ATL-PHYS-PUB-2015-032,
    author         = "{ATLAS Collaboration}",
    title          = "{Prospect for a search for direct pair production of a chargino and a neutralino decaying via aW boson and the lightest Higgs boson in final states with one lepton, two $b$-jets and missing transverse momentum at the high luminosity LHC with the ATLAS Detector}",
    howpublished   = "{ATL-PHYS-PUB-2015-032}",
    url            = "https://cds.cern.ch/record/2038565",
    year           = "2015",
}

@Booklet{ATL-PHYS-PUB-2015-033,
    author         = "{ATLAS Collaboration}",
    title          = "{Identification of Boosted, Hadronically-Decaying $W$ and $Z$ Bosons in $\sqrt{s} = 13\;\mbox{TeV}$ Monte Carlo Simulations for ATLAS}",
    howpublished   = "{ATL-PHYS-PUB-2015-033}",
    url            = "https://cds.cern.ch/record/2041461",
    year           = "2015",
}

@Booklet{ATL-PHYS-PUB-2015-034,
    author         = "{ATLAS Collaboration}",
    title          = "{Forward Jet Vertex Tagging: A new technique for the identification and rejection of forward pileup jets}",
    howpublished   = "{ATL-PHYS-PUB-2015-034}",
    url            = "https://cds.cern.ch/record/2042098",
    year           = "2015",
}

@Booklet{ATL-PHYS-PUB-2015-035,
    author         = "{ATLAS Collaboration}",
    title          = "{Expected Performance of Boosted Higgs ($\rightarrow b\bar{b}$) Boson Identification with the ATLAS Detector at $\sqrt{s} = 13\;\mbox{TeV}$}",
    howpublished   = "{ATL-PHYS-PUB-2015-035}",
    url            = "https://cds.cern.ch/record/2042155",
    year           = "2015",
}

@Booklet{ATL-PHYS-PUB-2015-036,
    author         = "{ATLAS Collaboration}",
    title          = "{Properties of jets and inputs to jet reconstruction and calibration with the ATLAS detector using proton--proton collisions at $\sqrt{s} = 13\;\mbox{TeV}$}",
    howpublished   = "{ATL-PHYS-PUB-2015-036}",
    url            = "https://cds.cern.ch/record/2044564",
    year           = "2015",
}

@Booklet{ATL-PHYS-PUB-2015-037,
    author         = "{ATLAS Collaboration}",
    title          = "{Muon reconstruction performance in early $\sqrt{s} = 13\;\mbox{TeV}$ data}",
    howpublished   = "{ATL-PHYS-PUB-2015-037}",
    url            = "https://cds.cern.ch/record/2047831",
    year           = "2015",
}

@Booklet{ATL-PHYS-PUB-2015-038,
    author         = "{ATLAS Collaboration}",
    title          = "{Classification of Events in the Combined ATLAS-LHCf Data Recorded During the p+Pb Collisions at $\sqrt{s_{\mathrm{NN}}} = 5.02\,\mbox{TeV}$}",
    howpublished   = "{ATL-PHYS-PUB-2015-038}",
    url            = "https://cds.cern.ch/record/2047832",
    year           = "2015",
}

@Booklet{ATL-PHYS-PUB-2015-039,
    author         = "{ATLAS Collaboration}",
    title          = "{Commissioning of the ATLAS $b$-tagging algorithms using $t\bar{t}$ events in early Run 2 data}",
    howpublished   = "{ATL-PHYS-PUB-2015-039}",
    url            = "https://cds.cern.ch/record/2047871",
    year           = "2015",
}

@Booklet{ATL-PHYS-PUB-2015-040,
    author         = "{ATLAS Collaboration}",
    title          = "{A new tagger for the charge identification of $b$-jets}",
    howpublished   = "{ATL-PHYS-PUB-2015-040}",
    url            = "https://cds.cern.ch/record/2048132",
    year           = "2015",
}

@Booklet{ATL-PHYS-PUB-2015-041,
    author         = "{ATLAS Collaboration}",
    title          = "{Electron identification measurements in ATLAS using $\sqrt{s} = 13\;\mbox{TeV}$ data with $50\;\mbox{ns}$ bunch spacing}",
    howpublished   = "{ATL-PHYS-PUB-2015-041}",
    url            = "https://cds.cern.ch/record/2048202",
    year           = "2015",
}

@Booklet{ATL-PHYS-PUB-2015-042,
    author         = "{ATLAS Collaboration}",
    title          = "{Impact of fragmentation modelling on the jet energy and the top-quark mass measurement using the ATLAS detector}",
    howpublished   = "{ATL-PHYS-PUB-2015-042}",
    url            = "https://cds.cern.ch/record/2054420",
    year           = "2015",
}

@Booklet{ATL-PHYS-PUB-2015-043,
    author         = "{ATLAS Collaboration}",
    title          = "{Search for the Standard Model Higgs and $Z$ Boson decays to $J/\psi\gamma$: HL-LHC projections}",
    howpublished   = "{ATL-PHYS-PUB-2015-043}",
    url            = "https://cds.cern.ch/record/2054550",
    year           = "2015",
}

@Booklet{ATL-PHYS-PUB-2015-044,
    author         = "{ATLAS Collaboration}",
    title          = "{Measurement of performance of the pixel neural network clustering algorithm of the ATLAS experiment at $\sqrt{s} = 13\;\mbox{TeV}$}",
    howpublished   = "{ATL-PHYS-PUB-2015-044}",
    url            = "https://cds.cern.ch/record/2054921",
    year           = "2015",
}

@Booklet{ATL-PHYS-PUB-2015-045,
    author         = "{ATLAS Collaboration}",
    title          = "{Reconstruction, Energy Calibration, and Identification of Hadronically Decaying Tau Leptons in the ATLAS Experiment for Run-2 of the LHC}",
    howpublished   = "{ATL-PHYS-PUB-2015-045}",
    url            = "https://atlas.web.cern.ch/Atlas/GROUPS/PHYSICS/PUBNOTES/ATL-PHYS-PUB-2015-045",
    year           = "2015",
}

@Booklet{ATL-PHYS-PUB-2015-046,
    author         = "{ATLAS Collaboration}",
    title          = "{Higgs Pair Production in the $H(\rightarrow \tau\tau) H(\rightarrow b\bar{b})$ Channel at the High-Luminosity LHC}",
    howpublished   = "{ATL-PHYS-PUB-2015-046}",
    url            = "https://cds.cern.ch/record/2065974",
    year           = "2015",
}

@Booklet{ATL-PHYS-PUB-2015-047,
    author         = "{ATLAS Collaboration}",
    title          = "{A morphing technique for signal modelling in a multidimensional space of coupling parameters}",
    howpublished   = "{ATL-PHYS-PUB-2015-047}",
    url            = "https://cds.cern.ch/record/2066980",
    year           = "2015",
}

@Booklet{ATL-PHYS-PUB-2015-048,
    author         = "{ATLAS Collaboration}",
    title          = "{A study of optimal parameter setting for \textsc{MadGraph5\_aMC@NLO} + \textsc{Pythia} 8 matched setup}",
    howpublished   = "{ATL-PHYS-PUB-2015-048}",
    url            = "https://cds.cern.ch/record/2103221",
    year           = "2015",
}

@Booklet{ATL-PHYS-PUB-2015-049,
    author         = "{ATLAS and CMS Collaborations}",
    title          = "{Jet energy scale uncertainty correlations between ATLAS and CMS at $\sqrt{s} = 8\;\mbox{TeV}$}",
    howpublished   = "{ATL-PHYS-PUB-2015-049}",
    url            = "https://cds.cern.ch/record/2103759",
    year           = "2015",
}

@Booklet{ATL-PHYS-PUB-2015-050,
    author         = "{ATLAS Collaboration}",
    title          = "{Studies of the ATLAS Inner Detector material using $\sqrt{s} = 13\;\mbox{TeV}$ $pp$ collision data}",
    howpublished   = "{ATL-PHYS-PUB-2015-050}",
    url            = "https://cds.cern.ch/record/2109010",
    year           = "2015",
}

@Booklet{ATL-PHYS-PUB-2015-051,
    author         = "{ATLAS Collaboration}",
    title          = "{Early Inner Detector Tracking Performance in the 2015 Data at $\sqrt{s} = 13\;\mbox{TeV}$}",
    howpublished   = "{ATL-PHYS-PUB-2015-051}",
    url            = "https://cds.cern.ch/record/2110140",
    year           = "2015",
}

@Booklet{ATL-PHYS-PUB-2015-052,
    author         = "{ATLAS Collaboration}",
    title          = "{Robustness of the Artificial Neural Network Clustering Algorithm of the ATLAS experiment}",
    howpublished   = "{ATL-PHYS-PUB-2015-052}",
    url            = "https://cds.cern.ch/record/2116350",
    year           = "2015",
}

@Booklet{ATL-PHYS-PUB-2015-053,
    author         = "{ATLAS Collaboration}",
    title          = "{Boosted hadronic top identification at ATLAS for early $13\;\mbox{TeV}$ data}",
    howpublished   = "{ATL-PHYS-PUB-2015-053}",
    url            = "https://cds.cern.ch/record/2116351",
    year           = "2015",
}

@Booklet{ATL-DAQ-PUB-2016-001,
    author         = "{ATLAS Collaboration}",
    title          = "{2015 start-up trigger menu and initial performance assessment of the ATLAS trigger using Run-2 data}",
    howpublished   = "{ATL-DAQ-PUB-2016-001}",
    url            = "https://cds.cern.ch/record/2136007/",
    year           = "2016",
}

@Booklet{ATL-GEN-PUB-2016-001,
    author         = "{ATLAS Collaboration}",
    title          = "{Studies related to gender and geographic diversity in the ATLAS Collaboration}",
    howpublished   = "{ATL-GEN-PUB-2016-001}",
    url            = "https://cds.cern.ch/record/2202392",
    year           = "2016",
}

@Booklet{ATL-INDET-PUB-2016-001,
    author         = "{ATLAS Collaboration}",
    title          = "{Efficiency and Hit Spatial Resolution of ATLAS IBL Sensors in LHC Run 2 Collision Events}",
    howpublished   = "{ATL-INDET-PUB-2016-001}",
    url            = "https://cds.cern.ch/record/2203893",
    year           = "2016",
}

@Booklet{ATL-OREACH-PUB-2016-001,
    author         = "{ATLAS Collaboration}",
    title          = "{Review of the ATLAS Open Data Dataset}",
    howpublished   = "{ATL-OREACH-PUB-2016-001}",
    url            = "https://cds.cern.ch/record/2203649",
    year           = "2016",
}

@Booklet{ATL-PHYS-PUB-2016-001,
    author         = "{ATLAS Collaboration}",
    title          = "{Validation of Monte Carlo event generators in the ATLAS Collaboration for LHC Run 2}",
    howpublished   = "{ATL-PHYS-PUB-2016-001}",
    url            = "https://cds.cern.ch/record/2119984",
    year           = "2016",
}

@Booklet{ATL-PHYS-PUB-2016-002,
    author         = "{ATLAS Collaboration}",
    title          = "{Multi-boson simulation for $13\;\mbox{TeV}$ ATLAS analyses}",
    howpublished   = "{ATL-PHYS-PUB-2016-002}",
    url            = "https://cds.cern.ch/record/2119986",
    year           = "2016",
}

@Booklet{ATL-PHYS-PUB-2016-003,
    author         = "{ATLAS Collaboration}",
    title          = "{Monte Carlo Generators for the Production of a $W$ or $Z/\gamma^*$ Boson in Association with Jets at ATLAS in Run 2}",
    howpublished   = "{ATL-PHYS-PUB-2016-003}",
    url            = "https://cds.cern.ch/record/2120133",
    year           = "2016",
}

@Booklet{ATL-PHYS-PUB-2016-004,
    author         = "{ATLAS Collaboration}",
    title          = "{Simulation of top-quark production for the ATLAS experiment at $\sqrt{s} = 13\;\mbox{TeV}$}",
    howpublished   = "{ATL-PHYS-PUB-2016-004}",
    url            = "https://cds.cern.ch/record/2120417",
    year           = "2016",
}

@Booklet{ATL-PHYS-PUB-2016-005,
    author         = "{ATLAS Collaboration}",
    title          = "{Modelling of the $t\bar{t} H$ and $t\bar{t}V (V = W, Z)$ processes for $\sqrt{s} = 13\;\mbox{TeV}$ ATLAS analyses}",
    howpublished   = "{ATL-PHYS-PUB-2016-005}",
    url            = "https://cds.cern.ch/record/2120826",
    year           = "2016",
}

@Booklet{ATL-PHYS-PUB-2016-006,
    author         = "{ATLAS Collaboration}",
    title          = "{Study of higher-order QCD corrections in the $gg \rightarrow H \rightarrow VV$ process}",
    howpublished   = "{ATL-PHYS-PUB-2016-006}",
    url            = "https://cds.cern.ch/record/2127515",
    year           = "2016",
}

@Booklet{ATL-PHYS-PUB-2016-007,
    author         = "{ATLAS Collaboration}",
    title          = "{Measurement of track reconstruction inefficiencies in the core of jets via pixel dE/dx with the ATLAS experiment using $\sqrt{s} = 13\;\mbox{TeV}$ $pp$ collision data}",
    howpublished   = "{ATL-PHYS-PUB-2016-007}",
    url            = "https://cds.cern.ch/record/2140460",
    year           = "2016",
}

@Booklet{ATL-PHYS-PUB-2016-008,
    author         = "{ATLAS Collaboration}",
    title          = "{Prospective results for vector-boson fusion-mediated Higgs boson searches in the four lepton final state at the High Luminosity Large Hadron Collider}",
    howpublished   = "{ATL-PHYS-PUB-2016-008}",
    url            = "https://atlas.web.cern.ch/Atlas/GROUPS/PHYSICS/PUBNOTES/ATL-PHYS-PUB-2016-008/",
    year           = "2016",
}

@Booklet{ATL-PHYS-PUB-2016-009,
    author         = "{ATLAS Collaboration}",
    title          = "{Estimate of the $m_H$ shift due to interference between signal and background processes in the $H \rightarrow \gamma\gamma$ channel, for the  $\sqrt{s} = 8\;\mbox{TeV}$ dataset recorded by ATLAS}",
    howpublished   = "{ATL-PHYS-PUB-2016-009}",
    url            = "https://cds.cern.ch/record/2146386",
    year           = "2016",
}

@Booklet{ATL-PHYS-PUB-2016-010,
    author         = "{ATLAS Collaboration}",
    title          = "{Expected performance for displaced Lepton Jets: ATLAS trigger and reconstruction efficiency in LHC 2015 run.}",
    howpublished   = "{ATL-PHYS-PUB-2016-010}",
    url            = "https://cds.cern.ch/record/2153376",
    year           = "2016",
}

@Booklet{ATL-PHYS-PUB-2016-011,
    author         = "{ATLAS Collaboration}",
    title          = "{Studies of $t\bar{t} c\bar{c}$ production with \textsc{MadGraph5\_aMC@NLO} and \textsc{Herwig++} for the ATLAS experiment}",
    howpublished   = "{ATL-PHYS-PUB-2016-011}",
    url            = "https://cds.cern.ch/record/2153876",
    year           = "2016",
}

@Booklet{ATL-PHYS-PUB-2016-012,
    author         = "{ATLAS Collaboration}",
    title          = "{Optimisation of the ATLAS $b$-tagging performance for the 2016 LHC Run}",
    howpublished   = "{ATL-PHYS-PUB-2016-012}",
    url            = "https://cds.cern.ch/record/2160731",
    year           = "2016",
}

@Booklet{ATL-PHYS-PUB-2016-013,
    author         = "{ATLAS Collaboration}",
    title          = "{Boosted Object Tagging with Variable-$R$ Jets in the ATLAS Detector}",
    howpublished   = "{ATL-PHYS-PUB-2016-013}",
    url            = "https://atlas.web.cern.ch/Atlas/GROUPS/PHYSICS/PUBNOTES/ATL-PHYS-PUB-2016-013/",
    year           = "2016",
}

@Booklet{ATL-PHYS-PUB-2016-014,
    author         = "{ATLAS Collaboration}",
    title          = "{Photon identification in 2015 ATLAS data}",
    howpublished   = "{ATL-PHYS-PUB-2016-014}",
    url            = "https://cds.cern.ch/record/2203125",
    year           = "2016",
}

@Booklet{ATL-PHYS-PUB-2016-015,
    author         = "{ATLAS Collaboration}",
    title          = "{Electron and photon energy calibration with the ATLAS detector using data collected in 2015 at $\sqrt{s} = 13\;\mbox{TeV}$}",
    howpublished   = "{ATL-PHYS-PUB-2016-015}",
    url            = "https://cds.cern.ch/record/2203514",
    year           = "2016",
}

@Booklet{ATL-PHYS-PUB-2016-016,
    author         = "{ATLAS Collaboration}",
    title          = "{Further studies on simulation of top-quark production for the ATLAS experiment at $\sqrt{s} = 13\;\mbox{TeV}$}",
    howpublished   = "{ATL-PHYS-PUB-2016-016}",
    url            = "https://cds.cern.ch/record/2205262",
    year           = "2016",
}

@Booklet{ATL-PHYS-PUB-2016-017,
    author         = "{ATLAS Collaboration}",
    title          = "{The Pythia~8 A3 tune description of ATLAS minimum bias and inelastic measurements incorporating the Donnachie-Landshoff diffractive model}",
    howpublished   = "{ATL-PHYS-PUB-2016-017}",
    url            = "https://cds.cern.ch/record/2206965",
    year           = "2016",
}

@Booklet{ATL-PHYS-PUB-2016-018,
    author         = "{ATLAS Collaboration}",
    title          = "{Measurement Prospects for VBF $H \rightarrow WW^{*} \rightarrow e \nu\mu\nu$ production with $3\;\mbox{ab}^{-1}$ of HL-LHC $pp$-collisions}",
    howpublished   = "{ATL-PHYS-PUB-2016-018}",
    url            = "https://cds.cern.ch/record/2209092",
    year           = "2016",
}

@Booklet{ATL-PHYS-PUB-2016-019,
    author         = "{ATLAS Collaboration}",
    title          = "{Expected sensitivity of ATLAS to FCNC top quark decays $t \rightarrow Zq$ and $t \rightarrow Hq$ at the High Luminosity LHC}",
    howpublished   = "{ATL-PHYS-PUB-2016-019}",
    url            = "https://atlas.web.cern.ch/Atlas/GROUPS/PHYSICS/PUBNOTES/ATL-PHYS-PUB-2016-019/",
    year           = "2016",
}

@Booklet{ATL-PHYS-PUB-2016-020,
    author         = "{ATLAS Collaboration}",
    title          = "{Studies on top-quark Monte Carlo modelling for Top2016}",
    howpublished   = "{ATL-PHYS-PUB-2016-020}",
    url            = "https://cds.cern.ch/record/2216168",
    year           = "2016",
}

@Booklet{ATL-PHYS-PUB-2016-021,
    author         = "{ATLAS Collaboration}",
    title          = "{Prospect for a search for direct stau production in events with at least two hadronic taus and missing transverse momentum at the High Luminosity LHC with the ATLAS Detector}",
    howpublished   = "{ATL-PHYS-PUB-2016-021}",
    url            = "https://cds.cern.ch/record/2147924",
    year           = "2016",
}

@Booklet{ATL-PHYS-PUB-2016-022,
    author         = "{ATLAS Collaboration}",
    title          = "{Prospects for a search for direct pair production of top squarks in scenarios with compressed mass spectra at the high luminosity LHC with the ATLAS Detector}",
    howpublished   = "{ATL-PHYS-PUB-2016-022}",
    url            = "https://cds.cern.ch/record/2220904",
    year           = "2016",
}

@Booklet{ATL-PHYS-PUB-2016-023,
    author         = "{ATLAS Collaboration}",
    title          = "{Prospects for Observing $t\bar{t}HH$ Production with the ATLAS Experiment at the HL-LHC}",
    howpublished   = "{ATL-PHYS-PUB-2016-023}",
    url            = "https://atlas.web.cern.ch/Atlas/GROUPS/PHYSICS/PUBNOTES/ATL-PHYS-PUB-2016-023/",
    year           = "2016",
}

@Booklet{ATL-PHYS-PUB-2016-024,
    author         = "{ATLAS Collaboration}",
    title          = "{Projected sensitivity to Higgs boson pair production in the $b\bar{b}b\bar{b}$ final state using proton--proton collisions at HL-LHC with the ATLAS detector}",
    howpublished   = "{ATL-PHYS-PUB-2016-024}",
    url            = "https://atlas.web.cern.ch/Atlas/GROUPS/PHYSICS/PUBNOTES/ATL-PHYS-PUB-2016-024/",
    year           = "2016",
}
